<record><leader>00000cas a22000007a 4500</leader><controlfield tag="001">34770876</controlfield><controlfield tag="008">960522d185318uutnuwr ne      0    0eng d</controlfield><datafield ind1=" " ind2=" " tag="010"><subfield code="a">sn 96091610 </subfield></datafield><datafield ind1=" " ind2=" " tag="040"><subfield code="a">TGN</subfield><subfield code="b">eng</subfield><subfield code="c">TGN</subfield><subfield code="d">OCL</subfield><subfield code="d">OCLCQ</subfield><subfield code="d">OCLCF</subfield><subfield code="d">OCLCO</subfield></datafield><datafield ind1=" " ind2=" " tag="042"><subfield code="a">msc</subfield></datafield><datafield ind1=" " ind2=" " tag="043"><subfield code="a">n-us-tn</subfield></datafield><datafield ind1="0" ind2="4" tag="245"><subfield code="a">The Bedford weekly yeoman.</subfield></datafield><datafield ind1="1" ind2=" " tag="246"><subfield code="i">Colophon title:</subfield><subfield code="a">Bedford yeoman,</subfield><subfield code="f">Oct. 25, 1854-</subfield></datafield><datafield ind1="1" ind2=" " tag="246"><subfield code="i">Colophon title:</subfield><subfield code="a">Dollar yeoman,</subfield><subfield code="f">&lt;May 16, 1855&gt;</subfield></datafield><datafield ind1="1" ind2="3" tag="246"><subfield code="a">Yeoman</subfield></datafield><datafield ind1=" " ind2=" " tag="260"><subfield code="a">Shelbyville, Tenn. :</subfield><subfield code="b">R.C. Russ &amp; T.B. Laird</subfield></datafield><datafield ind1=" " ind2=" " tag="300"><subfield code="a">v.</subfield></datafield><datafield ind1="1" ind2=" " tag="362"><subfield code="a">Began in 1853.</subfield></datafield><datafield ind1=" " ind2=" " tag="500"><subfield code="a">Publishers: Robert C. Russ &amp; Thomas B. Laird, 1853-1854; Robert C. Russ, Jan.-Mar. 1855; R.C. Russ &amp; Co., Mar.-Apr. 1855; T.W. Neal, &lt;May 16, 1855&gt;</subfield></datafield><datafield ind1=" " ind2=" " tag="500"><subfield code="a">Editors: R.C. Russ, &lt;1853&gt;-1855; R.C. Russ &amp; J.W. Youngbood, Mar.-Apr. 1855; T.W. Neal, &lt;1855&gt;</subfield></datafield><datafield ind1=" " ind2=" " tag="588"><subfield code="a">Description based on: Vol. 3, no. 44 (Nov. 10, 1853).</subfield></datafield><datafield ind1=" " ind2="0" tag="651"><subfield code="a">Bedford County (Tenn.)</subfield><subfield code="v">Newspapers.</subfield></datafield><datafield ind1=" " ind2="0" tag="651"><subfield code="a">Shelbyville (Tenn.)</subfield><subfield code="v">Newspapers.</subfield></datafield><datafield ind1=" " ind2="7" tag="655"><subfield code="a">Newspapers.</subfield><subfield code="2">fast</subfield><subfield code="0">(OCoLC)fst01423814</subfield></datafield><datafield ind1=" " ind2="7" tag="651"><subfield code="a">Tennessee</subfield><subfield code="z">Bedford County.</subfield><subfield code="2">fast</subfield><subfield code="0">(OCoLC)fst01226019</subfield></datafield><datafield ind1=" " ind2="7" tag="651"><subfield code="a">Tennessee</subfield><subfield code="z">Shelbyville.</subfield><subfield code="2">fast</subfield><subfield code="0">(OCoLC)fst01226018</subfield></datafield><datafield ind1=" " ind2=" " tag="752"><subfield code="a">United States</subfield><subfield code="b">Tennessee</subfield><subfield code="c">Bedford</subfield><subfield code="d">Shelbyville.</subfield></datafield><datafield ind1="0" ind2="0" tag="780"><subfield code="t">Bedford yeoman</subfield><subfield code="w">(DLC)sn 96091609</subfield><subfield code="w">(OCoLC)34770683</subfield></datafield></record>